00581cas a22002291a 4500
001 9917738093502836
003 Nz
005 20181115134225.0
008 040112d19451952nz  r ne      0   a0eng d
035    $a (Nz)8181430
035    $a (NLNZils)1773809-ilsdb
035    $a (OCoLC)173422714
040    $a WN $c WN
042    $a nznb
043    $a u-nz---
245 00 $a Remuera round.
260    $a Remuera [N.Z.]
310    $a Weekly
362 0  $a 1945 Dec.5?-1952 Dec.11?
651  0 $a Remuera (Auckland, N.Z.) $v Newspapers.
655  7 $a New Zealand newspapers. $2 local $5 Nz
785 00 $t Eastern times
